<record><leader>00000cas a22000007a 4500</leader><controlfield tag="001">12842575</controlfield><controlfield tag="008">851125d18781891inuwr ne      0    0eng d</controlfield><datafield ind1=" " ind2=" " tag="010"><subfield code="a">sn 85048188 </subfield></datafield><datafield ind1=" " ind2=" " tag="040"><subfield code="a">NPI</subfield><subfield code="b">eng</subfield><subfield code="c">NPI</subfield><subfield code="d">IUL</subfield><subfield code="d">OCLCQ</subfield><subfield code="d">OCLCF</subfield><subfield code="d">OCLCO</subfield></datafield><datafield ind1="1" ind2=" " tag="029"><subfield code="a">AU@</subfield><subfield code="b">000024687545</subfield></datafield><datafield ind1=" " ind2=" " tag="042"><subfield code="a">msc</subfield></datafield><datafield ind1=" " ind2=" " tag="043"><subfield code="a">n-us-in</subfield></datafield><datafield ind1="0" ind2=" " tag="130"><subfield code="a">Rushville Republican (Rushville, Ind. : 1878 : Weekly)</subfield></datafield><datafield ind1="1" ind2="0" tag="245"><subfield code="a">Rushville Republican.</subfield></datafield><datafield ind1=" " ind2=" " tag="260"><subfield code="a">Rushville, Ind. :</subfield><subfield code="b">J.F. Moses,</subfield><subfield code="c">1878-1891.</subfield></datafield><datafield ind1=" " ind2=" " tag="300"><subfield code="a">26 v. :</subfield><subfield code="b">ill. ;</subfield><subfield code="c">63 cm.</subfield></datafield><datafield ind1=" " ind2=" " tag="310"><subfield code="a">Weekly</subfield></datafield><datafield ind1="0" ind2=" " tag="362"><subfield code="a">Vol. 26, no. 7 (Feb. 14, 1878)-51st year, no. 49 (Dec. 1, 1891).</subfield></datafield><datafield ind1=" " ind2=" " tag="580"><subfield code="a">Continued by companion editions called: Tuesday Republican (Rushville, Ind.) ; and: Friday Republican (Rushville, Ind.).</subfield></datafield><datafield ind1=" " ind2="0" tag="651"><subfield code="a">Rushville (Ind.)</subfield><subfield code="v">Newspapers.</subfield></datafield><datafield ind1=" " ind2="7" tag="655"><subfield code="a">Newspapers.</subfield><subfield code="2">fast</subfield><subfield code="0">(OCoLC)fst01423814</subfield></datafield><datafield ind1=" " ind2="7" tag="651"><subfield code="a">Indiana</subfield><subfield code="z">Rushville.</subfield><subfield code="2">fast</subfield><subfield code="0">(OCoLC)fst01249137</subfield></datafield><datafield ind1=" " ind2=" " tag="752"><subfield code="a">United States</subfield><subfield code="b">Indiana</subfield><subfield code="c">Rush</subfield><subfield code="d">Rushville.</subfield></datafield><datafield ind1="0" ind2="0" tag="780"><subfield code="t">Rushville weekly Republican (Rushville, Ind. : 1876)</subfield><subfield code="w">(DLC)sn 84038031</subfield></datafield><datafield ind1="1" ind2="0" tag="785"><subfield code="t">Tuesday Republican (Rushville, Ind.)</subfield><subfield code="w">(DLC)sn 85048184</subfield></datafield><datafield ind1="1" ind2="0" tag="785"><subfield code="t">Friday Republican (Rushville, Ind.)</subfield><subfield code="w">(DLC)sn 85048182</subfield></datafield></record>